@Article{x,
	author = {Tatarski, V. I. },  
	title = {The {W}igner representation of quantum mechanics},
	volume = {26},
	pages = {311},
	year = {1983},
	doi = {10.1070/PU1983v026n04ABEH004345},
	url = {http://iopscience.iop.org/0038-5670/26/4/R02},
}


